<?xml version="1.0" encoding="UTF-8"?><collection xmlns="http://www.loc.gov/MARC21/slim"><record><leader>00539nam--2200181-i-4500</leader><controlfield tag="001">000029677</controlfield><controlfield tag="002">20161230</controlfield><controlfield tag="005">20161230201037</controlfield><controlfield tag="008">060222s1000------------r-----000-0-fre-d</controlfield><datafield ind1=" " ind2=" " tag="040"><subfield code="a">IFIN-HH</subfield></datafield><datafield ind1=" " ind2=" " tag="041"><subfield code="a">fre</subfield></datafield><datafield ind1=" " ind2=" " tag="080"><subfield code="a">537.56(043)</subfield></datafield><datafield ind1="1" ind2=" " tag="100"><subfield code="a">Laigle,  Christophe</subfield></datafield><datafield ind1="1" ind2="0" tag="245"><subfield code="a">Etude cinetique de l`ion heteronucelaire ar xe+ dans un melange ar xe excite par canon a electrons</subfield><subfield code="b">These</subfield><subfield code="c">Christophe laigle</subfield></datafield><datafield ind1=" " ind2=" " tag="260"><subfield code="a">Orsay</subfield><subfield code="b">Unniversite De Paris-sud</subfield><subfield code="c">1981</subfield></datafield><datafield ind1=" " ind2=" " tag="300"><subfield code="a">89P</subfield></datafield><datafield ind1=" " ind2=" " tag="852"><subfield code="a">70627</subfield><subfield code="c">533.7</subfield></datafield><datafield ind1=" " ind2=" " tag="CAT"><subfield code="a">Sys</subfield><subfield code="c">20110114</subfield><subfield code="h">093150</subfield></datafield></record></collection>